<?xml version="1.0" encoding="UTF-8"?><collection xmlns="http://www.loc.gov/MARC21/slim"><record><leader>00436nam--2200169-i-4500</leader><controlfield tag="001">000024626</controlfield><controlfield tag="002">20161230</controlfield><controlfield tag="005">20161230201035</controlfield><controlfield tag="008">060222s1000------------r-----000-0-eng-d</controlfield><datafield ind1=" " ind2=" " tag="040"><subfield code="a">IFIN-HH</subfield></datafield><datafield ind1=" " ind2=" " tag="080"><subfield code="a">517.95</subfield></datafield><datafield ind1=" " ind2=" " tag="100"><subfield code="a">Horn, J</subfield></datafield><datafield ind1=" " ind2=" " tag="245"><subfield code="a">Partielle differentialgleichungen</subfield></datafield><datafield ind1=" " ind2=" " tag="260"><subfield code="a">Berlin, Walter De Gruyter And Co.,1949. 228p</subfield></datafield><datafield ind1=" " ind2=" " tag="490"><subfield code="a">Goschens Lehrbucherei</subfield></datafield><datafield ind1=" " ind2=" " tag="852"><subfield code="a">76709</subfield><subfield code="c">517.9</subfield></datafield><datafield ind1=" " ind2=" " tag="CAT"><subfield code="a">Sys</subfield><subfield code="c">20090528</subfield><subfield code="h">073707</subfield></datafield></record></collection>